@article{colbourn2008locating,
  title={Locating and detecting arrays for interaction faults},
  author={Colbourn, Charles J and McClary, Daniel W},
  journal={Journal of combinatorial optimization},
  volume={15},
  number={1},
  pages={17--48},
  year={2008},
  publisher={Springer}
}
@article{nie2011minimal,
  title={The minimal failure-causing schema of combinatorial testing},
  author={Nie, Changhai and Leung, Hareton},
  journal={ACM Transactions on Software Engineering and Methodology (TOSEM)},
  volume={20},
  number={4},
  pages={15},
  year={2011},
  publisher={ACM}
}
@inproceedings{zhang2011characterizing,
  title={Characterizing failure-causing parameter interactions by adaptive testing},
  author={Zhang, Zhiqiang and Zhang, Jian},
  booktitle={Proceedings of the 2011 International Symposium on Software Testing and Analysis},
  pages={331--341},
  year={2011},
  organization={ACM}
}
@incollection{martinez2008algorithms,
  title={Algorithms to locate errors using covering arrays},
  author={Mart{\'\i}nez, Conrado and Moura, Lucia and Panario, Daniel and Stevens, Brett},
  booktitle={LATIN 2008: Theoretical Informatics},
  pages={504--519},
  year={2008},
  publisher={Springer}
}
@inproceedings{shakya2012isolating,
  title={Isolating Failure-Inducing Combinations in Combinatorial Testing using Test Augmentation and Classification},
  author={Shakya, Kiran and Xie, Tao and Li, Nuo and Lei, Yu and Kacker, Raghu and Kuhn, Richard},
  booktitle={Software Testing, Verification and Validation (ICST), 2012 IEEE Fifth International Conference on},
  pages={620--623},
  year={2012},
  organization={IEEE}
}
@inproceedings{niu2013identifying,
  title={Identifying Failure-Inducing Combinations Using Tuple Relationship},
  author={Niu, Xintao and Nie, Changhai and Lei, Yu and Chan, Alvin TS},
  booktitle={Software Testing, Verification and Validation Workshops (ICSTW), 2013 IEEE Sixth International Conference on},
  pages={271--280},
  year={2013},
  organization={IEEE}
}
@inproceedings{ghandehari2012identifying,
  title={Identifying failure-inducing combinations in a combinatorial test set},
  author={Ghandehari, Laleh Shikh Gholamhossein and Lei, Yu and Xie, Tao and Kuhn, Richard and Kacker, Raghu},
  booktitle={Software Testing, Verification and Validation (ICST), 2012 IEEE Fifth International Conference on},
  pages={370--379},
  year={2012},
  organization={IEEE}
}
@inproceedings{wang2010adaptive,
  title={Adaptive interaction fault location based on combinatorial testing},
  author={Wang, Ziyuan and Xu, Baowen and Chen, Lin and Xu, Lei},
  booktitle={Quality Software (QSIC), 2010 10th International Conference on},
  pages={495--502},
  year={2010},
  organization={IEEE}
}
@article{yilmaz2013reducing,
  title={Reducing Masking Effects in Combinatorial Interaction Testing: A Feedback Driven Adaptive Approach},
  author={Yilmaz, Cemal and Dumlu, Emine and Cohen, M and Porter, Adam},
  year={2013},
  publisher={IEEE}
}
@article{martinez2009locating,
  title={Locating errors using ELAs, covering arrays, and adaptive testing algorithms},
  author={Mart{\'\i}nez, Conrado and Moura, Lucia and Panario, Daniel and Stevens, Brett},
  journal={SIAM Journal on Discrete Mathematics},
  volume={23},
  number={4},
  pages={1776--1799},
  year={2009},
  publisher={SIAM}
}
@inproceedings{fouche2009incremental,
  title={Incremental covering array failure characterization in large configuration spaces},
  author={Fouch{\'e}, Sandro and Cohen, Myra B and Porter, Adam},
  booktitle={Proceedings of the eighteenth international symposium on Software testing and analysis},
  pages={177--188},
  year={2009},
  organization={ACM}
}
@inproceedings{dumlu2011feedback,
  title={Feedback driven adaptive combinatorial testing},
  author={Dumlu, Emine and Yilmaz, Cemal and Cohen, Myra B and Porter, Adam},
  booktitle={Proceedings of the 2011 International Symposium on Software Testing and Analysis},
  pages={243--253},
  year={2011},
  organization={ACM}
}
@article{yilmaz2006covering,
  title={Covering arrays for efficient fault characterization in complex configuration spaces},
  author={Yilmaz, Cemal and Cohen, Myra B and Porter, Adam A},
  journal={Software Engineering, IEEE Transactions on},
  volume={32},
  number={1},
  pages={20--34},
  year={2006},
  publisher={IEEE}
}
@inproceedings{ghandehari2013fault,
  title={Fault localization based on failure-inducing combinations},
  author={Ghandehari, Laleh Sh and Lei, Yu and Kung, David and Kacker, Raghu and Kuhn, Richard},
  booktitle={Software Reliability Engineering (ISSRE), 2013 IEEE 24th International Symposium on},
  pages={168--177},
  year={2013},
  organization={IEEE}
}
@inproceedings{li2012improved,
  title={Improved Delta Debugging Based on Combinatorial Testing},
  author={Li, Jie and Nie, Changhai and Lei, Yu},
  booktitle={Quality Software (QSIC), 2012 12th International Conference on},
  pages={102--105},
  year={2012},
  organization={IEEE}
}
@incollection{zhang2012faulty,
  title={Faulty interaction identification via constraint solving and optimization},
  author={Zhang, Jian and Ma, Feifei and Zhang, Zhiqiang},
  booktitle={Theory and Applications of Satisfiability Testing--SAT 2012},
  pages={186--199},
  year={2012},
  publisher={Springer}
}
@article{nie2011survey,
  title={A survey of combinatorial testing},
  author={Nie, Changhai and Leung, Hareton},
  journal={ACM Computing Surveys (CSUR)},
  volume={43},
  number={2},
  pages={11},
  year={2011},
  publisher={ACM}
}
@article{zeller2002simplifying,
  title={Simplifying and isolating failure-inducing input},
  author={Zeller, Andreas and Hildebrandt, Ralf},
  journal={Software Engineering, IEEE Transactions on},
  volume={28},
  number={2},
  pages={183--200},
  year={2002},
  publisher={IEEE}
}
@article{cohen2008constructing,
  title={Constructing interaction test suites for highly-configurable systems in the presence of constraints: A greedy approach},
  author={Cohen, Myra B and Dwyer, Matthew B and Shi, Jiangfan},
  journal={Software Engineering, IEEE Transactions on},
  volume={34},
  number={5},
  pages={633--650},
  year={2008},
  publisher={IEEE}
}
@article{bryce2006prioritized,
  title={Prioritized interaction testing for pair-wise coverage with seeding and constraints},
  author={Bryce, Ren{\'e}e C and Colbourn, Charles J},
  journal={Information and Software Technology},
  volume={48},
  number={10},
  pages={960--970},
  year={2006},
  publisher={Elsevier}
}
@inproceedings{chen2010combinatorial,
  title={Combinatorial testing with shielding parameters},
  author={Chen, Baiqiang and Yan, Jun and Zhang, Jian},
  booktitle={Software Engineering Conference (APSEC), 2010 17th Asia Pacific},
  pages={280--289},
  year={2010},
  organization={IEEE}
}
@incollection{calvagna2008logic,
  title={A logic-based approach to combinatorial testing with constraints},
  author={Calvagna, Andrea and Gargantini, Angelo},
  booktitle={Tests and proofs},
  pages={66--83},
  year={2008},
  publisher={Springer}
}
@article{grindal2006handling,
  title={Handling constraints in the input space when using combination strategies for software testing},
  author={Grindal, Mats and Offutt, Jeff and Mellin, Jonas},
  year={2006},
  publisher={Institutionen f{\"o}r kommunikation och information}
}
@article{yilmaz2013test,
  title={Test case-aware combinatorial interaction testing},
  author={Yilmaz, Cemal},
  journal={Software Engineering, IEEE Transactions on},
  volume={39},
  number={5},
  pages={684--706},
  year={2013},
  publisher={IEEE}
}
@incollection{shi2005software,
  title={A software debugging method based on pairwise testing},
  author={Shi, Liang and Nie, Changhai and Xu, Baowen},
  booktitle={Computational Science--ICCS 2005},
  pages={1088--1091},
  year={2005},
  publisher={Springer}
}
@article{hall2009weka,
  title={The WEKA Data Mining Software: An Update; SIGKDD Explorations, Volume 11, Issue 1},
  author={Hall, Mark and Frank, Eibe and Holmes, Geoffrey and Pfahringer, Bernhard and Reutemann, Peter and Witten, Ian H},
  year={2009}
}
@inproceedings{cohen2007interaction,
  title={Interaction testing of highly-configurable systems in the presence of constraints},
  author={Cohen, Myra B and Dwyer, Matthew B and Shi, Jiangfan},
  booktitle={Proceedings of the 2007 international symposium on Software testing and analysis},
  pages={129--139},
  year={2007},
  organization={ACM}
}
@inproceedings{cohen2007exploiting,
  title={Exploiting constraint solving history to construct interaction test suites},
  author={Cohen, Myra B and Dwyer, Matthew B and Shi, Jiangfan},
  booktitle={Testing: Academic and Industrial Conference Practice and Research Techniques-MUTATION, 2007.},
  pages={121--132},
  year={2007},
  organization={IEEE}
}
@article{garvin2011evaluating,
  title={Evaluating improvements to a meta-heuristic search for constrained interaction testing},
  author={Garvin, Brady J and Cohen, Myra B and Dwyer, Matthew B},
  journal={Empirical Software Engineering},
  volume={16},
  number={1},
  pages={61--102},
  year={2011},
  publisher={Springer}
}
@inproceedings{petke2013efficiency,
  title={Efficiency and early fault detection with lower and higher strength combinatorial interaction testing},
  author={Petke, Justyna and Yoo, Shin and Cohen, Myra B and Harman, Mark},
  booktitle={Proceedings of the 2013 9th Joint Meeting on Foundations of Software Engineering},
  pages={26--36},
  year={2013},
  organization={ACM}
}
@inproceedings{song2012itree,
  title={iTree: Efficiently discovering high-coverage configurations using interaction trees},
  author={Song, Charles and Porter, Adam and Foster, Jeffrey S},
  booktitle={Proceedings of the 2012 International Conference on Software Engineering},
  pages={903--913},
  year={2012},
  organization={IEEE Press}
}
@inproceedings{bach2004pairwise,
  title={Pairwise testing: A best practice that isn’t},
  author={Bach, James and Schroeder, Patrick},
  booktitle={Proceedings of 22nd Pacific Northwest Software Quality Conference},
  pages={180--196},
  year={2004},
  organization={Citeseer}
}